@misc{Tesseract,
	title = {Tesseract OCR},
	url = {https://github.com/tesseract-ocr/tesseract}
}


@article{recovering homography,
	author = {Syed Ammar Abbas & Sibt ul Hussain},
	title = {Recovering Homography from Camera Captured Documents using Convolutionjal Neural Networs},
	year = {2017}
	url = {https://arxiv.org/pdf/1709.03524.pdf}
}

@article{Improving camera-based,
	author = {Nikolai Körber},
	title = {Improving Camera-based Document Analysis with Deep Learning},
	year ={2017}
	url = {https://www.researchgate.net/publication/337907985_Improving_Camera-based_Document_Analysis_with_Deep_Learning}
}

@misc{mobile-ocr,
	author = {Nikolai Körber},
	title = {MobileOCR},
	url = {https://github.com/Nikolai10/mobile-ocr}
}


@article{ocr-with-tesseract,
	author = {Jaafar Benabderrazak},
	title = {OCR with Python, OpenCV and PyTesseract},
	url = {https://medium.com/@jaafarbenabderrazak.info/ocr-with-tesseract-opencv-and-python-d2c4ec097866}
}


@article{tess-open-python,
	author = {Filip Zelic & Anuj Sable },
	title = {A comprehensive guide to OCR with Tesseract, OpenCV and Python},
	url = {https://nanonets.com/blog/ocr-with-tesseract/}
}



@misc{Authors14,
 author = {Bryan},
 title = {The frobnicatable foo filter},
 note = {Face and Gesture  submission ID 324. Supplied as additional material {\tt fg324.pdf}},
 year = 2014
}



@misc{Authors14b,
 author = {Authors},
 title = {Frobnication tutorial},
 note = {Supplied as additional material {\tt tr.pdf}},
 year = 2014
}

@article{Alpher02,
author = {FirstName Alpher},
title = {Frobnication},
journal = {Journal of Foo},
volume = 12, 
number = 1, 
pages = {234--778}, 
year = 2002
}

@article{Alpher03,
author = {FirstName Alpher and  FirstName Fotheringham-Smythe},
title = {Frobnication revisited},
journal = {Journal of Foo},
volume = 13, 
number = 1, 
pages = {234--778}, 
year = 2003
}

@article{Alpher04,
author = {FirstName Alpher and FirstName Fotheringham-Smythe and FirstName Gamow},
title = {Can a machine frobnicate?},
journal = {Journal of Foo},
volume = 14, 
number = 1, 
pages = {234--778}, 
year = 2004
}
